@inproceedings{david2016deepchess,
  title={Deepchess: End-to-end deep neural network for automatic learning in chess},
  author={David, Omid E and Netanyahu, Nathan S and Wolf, Lior},
  booktitle={Artificial Neural Networks and Machine Learning--ICANN 2016: 25th International Conference on Artificial Neural Networks, Barcelona, Spain, September 6-9, 2016, Proceedings, Part II 25},
  pages={88--96},
  year={2016},
  organization={Springer}
}

@article{je2020scientists,
  title={Why scientists are turning to Rust},
  author={JE, O},
  journal={Nature},
  volume={588},
  pages={185},
  year={2020}
}
